%YAML 1.1
%TAG !u! tag:unity3d.com,2011:
--- !u!1 &5318873162173474655
GameObject:
  m_ObjectHideFlags: 0
  m_CorrespondingSourceObject: {fileID: 0}
  m_PrefabInstance: {fileID: 0}
  m_PrefabAsset: {fileID: 0}
  serializedVersion: 6
  m_Component:
  - component: {fileID: 5318873162173474642}
  - component: {fileID: 5318873162173474643}
  - component: {fileID: 5318873162173474652}
  - component: {fileID: 5318873162173474653}
  - component: {fileID: 5318873162173474654}
  - component: {fileID: 5318873162173474640}
  - component: {fileID: 5318873162173474647}
  - component: {fileID: 5318873162173474646}
  - component: {fileID: 5318873162173474645}
  - component: {fileID: 5318873162173474641}
  m_Layer: 0
  m_Name: Cube
  m_TagString: Untagged
  m_Icon: {fileID: 0}
  m_NavMeshLayer: 0
  m_StaticEditorFlags: 0
  m_IsActive: 1
--- !u!4 &5318873162173474642
Transform:
  m_ObjectHideFlags: 0
  m_CorrespondingSourceObject: {fileID: 0}
  m_PrefabInstance: {fileID: 0}
  m_PrefabAsset: {fileID: 0}
  m_GameObject: {fileID: 5318873162173474655}
  m_LocalRotation: {x: 0, y: 0, z: 0, w: 1}
  m_LocalPosition: {x: -0.31343675, y: 6.36, z: 9.299211}
  m_LocalScale: {x: 0.05, y: 0.05, z: 0.05}
  m_Children: []
  m_Father: {fileID: 0}
  m_RootOrder: 0
  m_LocalEulerAnglesHint: {x: 0, y: 0, z: 0}
--- !u!33 &5318873162173474643
MeshFilter:
  m_ObjectHideFlags: 0
  m_CorrespondingSourceObject: {fileID: 0}
  m_PrefabInstance: {fileID: 0}
  m_PrefabAsset: {fileID: 0}
  m_GameObject: {fileID: 5318873162173474655}
  m_Mesh: {fileID: 10202, guid: 0000000000000000e000000000000000, type: 0}
--- !u!23 &5318873162173474652
MeshRenderer:
  m_ObjectHideFlags: 0
  m_CorrespondingSourceObject: {fileID: 0}
  m_PrefabInstance: {fileID: 0}
  m_PrefabAsset: {fileID: 0}
  m_GameObject: {fileID: 5318873162173474655}
  m_Enabled: 1
  m_CastShadows: 1
  m_ReceiveShadows: 1
  m_DynamicOccludee: 1
  m_MotionVectors: 1
  m_LightProbeUsage: 1
  m_ReflectionProbeUsage: 1
  m_RayTracingMode: 2
  m_RayTraceProcedural: 0
  m_RenderingLayerMask: 1
  m_RendererPriority: 0
  m_Materials:
  - {fileID: 10303, guid: 0000000000000000f000000000000000, type: 0}
  m_StaticBatchInfo:
    firstSubMesh: 0
    subMeshCount: 0
  m_StaticBatchRoot: {fileID: 0}
  m_ProbeAnchor: {fileID: 0}
  m_LightProbeVolumeOverride: {fileID: 0}
  m_ScaleInLightmap: 1
  m_ReceiveGI: 1
  m_PreserveUVs: 0
  m_IgnoreNormalsForChartDetection: 0
  m_ImportantGI: 0
  m_StitchLightmapSeams: 1
  m_SelectedEditorRenderState: 3
  m_MinimumChartSize: 4
  m_AutoUVMaxDistance: 0.5
  m_AutoUVMaxAngle: 89
  m_LightmapParameters: {fileID: 0}
  m_SortingLayerID: 0
  m_SortingLayer: 0
  m_SortingOrder: 0
  m_AdditionalVertexStreams: {fileID: 0}
--- !u!65 &5318873162173474653
BoxCollider:
  m_ObjectHideFlags: 0
  m_CorrespondingSourceObject: {fileID: 0}
  m_PrefabInstance: {fileID: 0}
  m_PrefabAsset: {fileID: 0}
  m_GameObject: {fileID: 5318873162173474655}
  m_Material: {fileID: 0}
  m_IsTrigger: 0
  m_Enabled: 1
  serializedVersion: 2
  m_Size: {x: 1, y: 1, z: 1}
  m_Center: {x: 0, y: 0, z: 0}
--- !u!114 &5318873162173474654
MonoBehaviour:
  m_ObjectHideFlags: 0
  m_CorrespondingSourceObject: {fileID: 0}
  m_PrefabInstance: {fileID: 0}
  m_PrefabAsset: {fileID: 0}
  m_GameObject: {fileID: 5318873162173474655}
  m_Enabled: 1
  m_EditorHideFlags: 0
  m_Script: {fileID: 11500000, guid: e1e6657bab90ac149872e5361b42ea62, type: 3}
  m_Name: 
  m_EditorClassIdentifier: 
  selectAction:
    id: 0
    description: None
    axisConstraint: 0
  voiceSelect: []
  dwellTimeInSec: 0.8
  onLookAtStart:
    m_PersistentCalls:
      m_Calls:
      - m_Target: {fileID: 5318873162173474645}
        m_TargetAssemblyTypeName: OutlineControl, Assembly-CSharp
        m_MethodName: HiglightTarget
        m_Mode: 1
        m_Arguments:
          m_ObjectArgument: {fileID: 0}
          m_ObjectArgumentAssemblyTypeName: UnityEngine.Object, UnityEngine
          m_IntArgument: 0
          m_FloatArgument: 0
          m_StringArgument: 
          m_BoolArgument: 0
        m_CallState: 2
  whileLookingAtTarget:
    m_PersistentCalls:
      m_Calls: []
  onLookAway:
    m_PersistentCalls:
      m_Calls:
      - m_Target: {fileID: 5318873162173474645}
        m_TargetAssemblyTypeName: OutlineControl, Assembly-CSharp
        m_MethodName: DeselectTarget
        m_Mode: 1
        m_Arguments:
          m_ObjectArgument: {fileID: 0}
          m_ObjectArgumentAssemblyTypeName: UnityEngine.Object, UnityEngine
          m_IntArgument: 0
          m_FloatArgument: 0
          m_StringArgument: 
          m_BoolArgument: 0
        m_CallState: 2
  onDwell:
    m_PersistentCalls:
      m_Calls: []
  onSelected:
    m_PersistentCalls:
      m_Calls: []
  onTapDown:
    m_PersistentCalls:
      m_Calls: []
  onTapUp:
    m_PersistentCalls:
      m_Calls: []
  eyeCursorSnapToTargetCenter: 0
--- !u!114 &5318873162173474640
MonoBehaviour:
  m_ObjectHideFlags: 0
  m_CorrespondingSourceObject: {fileID: 0}
  m_PrefabInstance: {fileID: 0}
  m_PrefabAsset: {fileID: 0}
  m_GameObject: {fileID: 5318873162173474655}
  m_Enabled: 0
  m_EditorHideFlags: 0
  m_Script: {fileID: 11500000, guid: 42a6dd72d566c7c4e85d7a39b6f494bc, type: 3}
  m_Name: 
  m_EditorClassIdentifier: 
  useEyeSupportedTargetPlacement: 1
  minLookAwayDistToEnableEyeWarp: 1.5
  handInputEnabled: 0
  handmapping: 1
  deltaHandMovemThresh: 0.05
  transparency_inTransition: 0.50980395
  transparency_preview: 0.19607843
  previewPlacemDistThresh: 0.05
  freezeX: 0
  freezeY: 0
  freezeZ: 0
  LocalMinMax_X: {x: -Infinity, y: Infinity}
  LocalMinMax_Y: {x: -Infinity, y: Infinity}
  LocalMinMax_Z: {x: -Infinity, y: Infinity}
  PlacementSurface: 0
  audio_OnDragStart: {fileID: 0}
  audio_OnDragStop: {fileID: 0}
  voiceAction_PutThis:
    id: 0
    description: None
    axisConstraint: 0
  voiceAction_OverHere:
    id: 0
    description: None
    axisConstraint: 0
  OnDragStart:
    m_PersistentCalls:
      m_Calls: []
  OnDrop:
    m_PersistentCalls:
      m_Calls: []
  useAsSlider: 0
  txtOutput_sliderValue: {fileID: 0}
  slider_snapToNearestDecimal: 0.1
--- !u!120 &5318873162173474647
LineRenderer:
  m_ObjectHideFlags: 0
  m_CorrespondingSourceObject: {fileID: 0}
  m_PrefabInstance: {fileID: 0}
  m_PrefabAsset: {fileID: 0}
  m_GameObject: {fileID: 5318873162173474655}
  m_Enabled: 0
  m_CastShadows: 1
  m_ReceiveShadows: 1
  m_DynamicOccludee: 1
  m_MotionVectors: 0
  m_LightProbeUsage: 0
  m_ReflectionProbeUsage: 0
  m_RayTracingMode: 0
  m_RayTraceProcedural: 0
  m_RenderingLayerMask: 1
  m_RendererPriority: 0
  m_Materials:
  - {fileID: 0}
  m_StaticBatchInfo:
    firstSubMesh: 0
    subMeshCount: 0
  m_StaticBatchRoot: {fileID: 0}
  m_ProbeAnchor: {fileID: 0}
  m_LightProbeVolumeOverride: {fileID: 0}
  m_ScaleInLightmap: 1
  m_ReceiveGI: 1
  m_PreserveUVs: 0
  m_IgnoreNormalsForChartDetection: 0
  m_ImportantGI: 0
  m_StitchLightmapSeams: 1
  m_SelectedEditorRenderState: 3
  m_MinimumChartSize: 4
  m_AutoUVMaxDistance: 0.5
  m_AutoUVMaxAngle: 89
  m_LightmapParameters: {fileID: 0}
  m_SortingLayerID: 0
  m_SortingLayer: 0
  m_SortingOrder: 0
  m_Positions:
  - {x: 0, y: 0, z: 0}
  - {x: 0, y: 0, z: 1}
  m_Parameters:
    serializedVersion: 3
    widthMultiplier: 1
    widthCurve:
      serializedVersion: 2
      m_Curve:
      - serializedVersion: 3
        time: 0.002090454
        value: 0.01826477
        inSlope: 0
        outSlope: 0
        tangentMode: 0
        weightedMode: 0
        inWeight: 0.33333334
        outWeight: 0.33333334
      m_PreInfinity: 2
      m_PostInfinity: 2
      m_RotationOrder: 4
    colorGradient:
      serializedVersion: 2
      key0: {r: 1, g: 0, b: 0, a: 1}
      key1: {r: 1, g: 1, b: 1, a: 1}
      key2: {r: 0, g: 0, b: 0, a: 0}
      key3: {r: 0, g: 0, b: 0, a: 0}
      key4: {r: 0, g: 0, b: 0, a: 0}
      key5: {r: 0, g: 0, b: 0, a: 0}
      key6: {r: 0, g: 0, b: 0, a: 0}
      key7: {r: 0, g: 0, b: 0, a: 0}
      ctime0: 0
      ctime1: 65535
      ctime2: 0
      ctime3: 0
      ctime4: 0
      ctime5: 0
      ctime6: 0
      ctime7: 0
      atime0: 0
      atime1: 65535
      atime2: 0
      atime3: 0
      atime4: 0
      atime5: 0
      atime6: 0
      atime7: 0
      m_Mode: 0
      m_NumColorKeys: 2
      m_NumAlphaKeys: 2
    numCornerVertices: 0
    numCapVertices: 0
    alignment: 0
    textureMode: 0
    shadowBias: 0.5
    generateLightingData: 0
  m_UseWorldSpace: 1
  m_Loop: 0
--- !u!114 &5318873162173474646
MonoBehaviour:
  m_ObjectHideFlags: 0
  m_CorrespondingSourceObject: {fileID: 0}
  m_PrefabInstance: {fileID: 0}
  m_PrefabAsset: {fileID: 0}
  m_GameObject: {fileID: 5318873162173474655}
  m_Enabled: 0
  m_EditorHideFlags: 0
  m_Script: {fileID: 11500000, guid: fb076525e0c2d8c41aa5137a582d8b1f, type: 3}
  m_Name: 
  m_EditorClassIdentifier: 
  focusEnabled: 1
  Profiles:
  - Target: {fileID: 0}
    Theme: {fileID: 0}
--- !u!114 &5318873162173474645
MonoBehaviour:
  m_ObjectHideFlags: 0
  m_CorrespondingSourceObject: {fileID: 0}
  m_PrefabInstance: {fileID: 0}
  m_PrefabAsset: {fileID: 0}
  m_GameObject: {fileID: 5318873162173474655}
  m_Enabled: 1
  m_EditorHideFlags: 0
  m_Script: {fileID: 11500000, guid: d08cb1a84fdb7d74d9e6f1a4267d835c, type: 3}
  m_Name: 
  m_EditorClassIdentifier: 
  outline: {fileID: 5318873162173474641}
  color: {r: 0, g: 0, b: 0, a: 0}
--- !u!114 &5318873162173474641
MonoBehaviour:
  m_ObjectHideFlags: 0
  m_CorrespondingSourceObject: {fileID: 0}
  m_PrefabInstance: {fileID: 0}
  m_PrefabAsset: {fileID: 0}
  m_GameObject: {fileID: 5318873162173474655}
  m_Enabled: 0
  m_EditorHideFlags: 0
  m_Script: {fileID: 11500000, guid: fa162a1be707e7f4bb2c94f4fd6df84f, type: 3}
  m_Name: 
  m_EditorClassIdentifier: 
  outlineMaterial: {fileID: 2100000, guid: 48c48c650a22c684e9ded66432988368, type: 2}
  outlineWidth: 0.01
